<record xmlns="http://www.loc.gov/MARC21/slim" xmlns:xsi="http://www.w3.org/2001/XMLSchema-instance" xsi:schemaLocation="http://www.loc.gov/MARC21/slim http://www.loc.gov/standards/marcxml/schema/MARC21slim.xsd"><leader>     nam a22        4500</leader><controlfield tag="001">001677116</controlfield><controlfield tag="003">NNU</controlfield><controlfield tag="006">m        d        </controlfield><controlfield tag="007">cr cn |||m|||a</controlfield><controlfield tag="008">150313s1959    iq      o     000 0 ara d</controlfield><datafield ind1=" " ind2=" " tag="040"><subfield code="a">NNU</subfield><subfield code="b">eng</subfield><subfield code="c">NNU</subfield></datafield><datafield ind1="1" ind2=" " tag="100"><subfield code="a">Sh&#299;r&#257;z&#299;, Mu&#7717;ammad Mahd&#299; al-&#7716;usayn&#299;.</subfield></datafield><datafield ind1="1" ind2="3" tag="245"><subfield code="a">al-Akhl&#257;q al-Isl&#257;m&#299;yah</subfield><subfield code="h">[electronic resource] /</subfield><subfield code="c">Mu&#7717;ammad al-Mahd&#299; al-&#7716;usayn&#299; al-Sh&#299;r&#257;z&#299;.</subfield></datafield><datafield ind1=" " ind2=" " tag="260"><subfield code="a">al-Najaf :</subfield><subfield code="b">Ma&#7789;ba&#699;at al-Ghar&#299; al-&#7716;ad&#299;thah,</subfield><subfield code="c">1379 [1959 or 1960]</subfield></datafield><datafield ind1=" " ind2=" " tag="300"><subfield code="a">online resource (171 p.)</subfield></datafield><datafield ind1="1" ind2=" " tag="490"><subfield code="a">Silsilat al-thaq&#257;f&#257;t al-Isl&#257;m&#299;yah ;</subfield><subfield code="v">1</subfield></datafield><datafield ind1=" " ind2=" " tag="500"><subfield code="a">Part of the Arabic Collections Online (ACO) project, contributed by New York Univeristy Libraries.</subfield></datafield><datafield ind1=" " ind2=" " tag="533"><subfield code="a">Electronic reproduction.</subfield><subfield code="b">New York, N.Y. :</subfield><subfield code="c">New York University,</subfield><subfield code="d">2015.</subfield><subfield code="5">NNU</subfield></datafield><datafield ind1=" " ind2="0" tag="650"><subfield code="a">Islamic ethics.</subfield></datafield><datafield ind1="2" ind2=" " tag="710"><subfield code="a">New York University.</subfield><subfield code="b">Libraries.</subfield></datafield><datafield ind1="0" ind2=" " tag="730"><subfield code="a">Arabic Collections Online.</subfield></datafield><datafield ind1="0" ind2="8" tag="776"><subfield code="i">Print version:</subfield><subfield code="a">Sh&#299;r&#257;z&#299;, Mu&#7717;ammad Mahd&#299; al-&#7716;usayn&#299;.</subfield><subfield code="t">al-Akhl&#257;q al-Isl&#257;m&#299;yah</subfield><subfield code="w">(NNU)001677116</subfield></datafield><datafield ind1=" " ind2="0" tag="830"><subfield code="a">Silsilat al-thaq&#257;fah al-Isl&#257;m&#299;yah ;</subfield><subfield code="v">1.</subfield></datafield><datafield ind1="4" ind2="0" tag="856"><subfield code="u">http://hdl.handle.net/2333.1/05qftwqw</subfield></datafield><datafield ind1=" " ind2=" " tag="959"><subfield code="a">NNU</subfield><subfield code="b">WEB</subfield><subfield code="c">GENI</subfield><subfield code="t">0</subfield><subfield code="m">Electronic access</subfield><subfield code="s">01</subfield></datafield><datafield ind1=" " ind2=" " tag="999"><subfield code="i">NNU_001677116</subfield><subfield code="s">nyu_aco000443</subfield><subfield code="e">(ERROR-880)</subfield></datafield></record>